@DocuShare{PSTN-051,
   author = {Lynne Jones and Peter Yoachim and Zeljko Ivezic and Eric Neilsen and Tiage Ribeiro},
    title = {Survey Strategy and Cadence Choices for the Vera C. Rubin Observatory Legacy Survey of Space and Time (LSST)},
     year = 2020,
    month = sep,
   handle = {PSTN-051},
      url = {http://PSTN-051.lsst.io } }

@article{scolnic_optimizing_2018,
	title = {Optimizing the {LSST} {Observing} {Strategy} for {Dark} {Energy} {Science}: {DESC} {Recommendations} for the {Deep} {Drilling} {Fields} and other {Special} {Programs}},
	shorttitle = {Optimizing the {LSST} {Observing} {Strategy} for {Dark} {Energy} {Science}},
	url = {http://arxiv.org/abs/1812.00516},
	urldate = {2021-01-05},
	journal = {arXiv:1812.00516 [astro-ph]},
	author = {Scolnic, Daniel M. and Lochner, Michelle and Gris, Phillipe and Regnault, Nicolas and Hložek, Renée and Aldering, Greg and Allam Jr, Tarek and Awan, Humna and Biswas, Rahul and Blazek, Jonathan and Chang, Chihway and Gawiser, Eric and Goobar, Ariel and Hook, Isobel M. and Jha, Saurabh W. and McEwen, Jason D. and Mandelbaum, Rachel and Marshall, Phil and Neilsen, Eric and Rhodes, Jason and Rothchild, Daniel and Noarbe, Ignacio Sevilla and Slosar, Anže and Yoachim, Peter},
	month = nov,
	year = {2018},
}

@article{bellm_zwicky_2019,
	title = {The {Zwicky} {Transient} {Facility}: {Surveys} and {Scheduler}},
	volume = {131},
	issn = {1538-3873},
	shorttitle = {The {Zwicky} {Transient} {Facility}},
	url = {https://doi.org/10.1088/1538-3873/ab0c2a},
	doi = {10.1088/1538-3873/ab0c2a},
	language = {en},
	number = {1000},
	urldate = {2020-12-18},
	journal = {Publications of the Astronomical Society of the Pacific},
	author = {Bellm, Eric C. and Kulkarni, Shrinivas R. and Barlow, Tom and Feindt, Ulrich and Graham, Matthew J. and Goobar, Ariel and Kupfer, Thomas and Ngeow, Chow-Choong and Nugent, Peter and Ofek, Eran and Prince, Thomas A. and Riddle, Reed and Walters, Richard and Ye, Quan-Zhi},
	month = apr,
	year = {2019},
	note = {Publisher: IOP Publishing},
	pages = {068003},
}
